2648 4746
590 282 884 338 ‘mm-¹·-

292 427 371 511 ''ses
398 445 437 506 ad
468 442 693 527 perfectiorem
720 436 1004 535 transgredientem
1034 452 1232 536 vispetspi·

323 533 385 590 ciet
405 529 634 603 autxdescribat
655 529 760 612 ullus,¹
780 534 816 596 in
837 534 949 599 unicae
969 539 1066 618 partis
1083 531 1234 621 dunubi-

235 637 237 642 ·
322 617 412 678 tione
432 617 587 678 insistens.

312 717 314 724 ·
409 702 470 764 Sed
492 701 574 764 dieat
589 701 710 784 ,aliquis
736 695 929 768 structuram
953 709 1051 772 unius
1070 707 1167 790 partis
1183 707 1233 768 ab

321 787 450 849 alterius
470 786 648 869 dependere
668 788 861 870 evolutione,
882 792 1094 856 ite'uthabita
1106 793 1232 876 ratione

320 876 514 944 evolationis
536 875 645 958 organi
665 875 844 957 principalis
863 877 1064 962 reliquorum
1086 877 1236 941 evolutio

320 957 477 1041 tanquim
497 958 641 1038 parallelo
661 961 775 1026 exinde
796 960 927 1024 eluceat.
969 963 1005 1026 lti
1017 965 1159 1048 auidam
1178 983 1234 1026 re-

259 1091 272 1102 .
321 1047 435 1127 gulam
462 1047 591 1129 praebet
621 1049 802 1132 specierum
828 1067 863 1109 ac
889 1068 1048 1134 generum
1071 1047 1232 1112 elassifiea-

321 1131 429 1211 tiouis',
449 1135 591 1213 nrinirne
607 1145 719 1194 autern
734 1132 888 1194 ordinum
904 1155 940 1197 aa
955 1135 1102 1198 nauium
1116 1133 1232 1216 ¹dispo·

320 1221 453 1305 aitionis.
488 1219 656 1280 'Facillime
676 1219 739 1280 hoe
758 1217 955 1302 intelligitur,
978 1223 1004 1286 si
1024 1221 1231 1286 classifioetio·

320 1307 372 1366 nis
398 1307 590 1368 animalium
617 1305 801 1384 periculum
828 1303 997 1383 facumus,
1037 1326 1099 1370 nee
1126 1309 1229 1368 etiam

320 1391 440 1473 prodiit
465 1392 629 1472 hucusque
655 1390 841 1471 planarum
869 1391 1050 1454 distributio
1076 1393 1231 1454 naturalis

320 1497 341 1537 e
362 1477 565 1560 singulorum
584 1493 781 1558 organorum
797 1469 862 1536 sola
882 1476 1108 1559 disquisitione.
1130 1477 1229 1564 Quod

285 1607 290 1626 .
319 1582 463 1646 organon
483 1564 518 1624 in
540 1563 724 1642 corporibus
737 1560 864 1624 ordinis
884 1565 982 1648 unius
1009 1566 1118 1628 ceteris
1137 1562 1230 1646 prae-

233 1703 237 1709 .
319 1651 455 1730 stantius
474 1667 540 1710 sese
560 1649 703 1728 praebet,
739 1649 774 1710 in
799 1647 893 1716 altera
915 1649 1070 1716 divisione
1090 1645 1229 1712 missoris

320 1747 452 1796 tanmm
480 1736 644 1796 momenti
675 1747 813 1816 apparet.
858 1735 928 1797 rste
953 1755 987 1800 v.
1016 1756 1044 1804 c.
1070 1749 1227 1798 ortutama

319 1820 479 1886 ostracoda
499 1815 673 1899 systematis
693 1822 821 1882 nervosi
845 1823 901 1884 vix
923 1821 1052 1904 vestigia
1073 1819 1228 1898 offerunt,

154 1889 156 1902 ¹
227 1957 234 1978 s
318 1907 374 1970 sed
405 1905 447 1968 ob
477 1905 672 1986 reliquarum
698 1904 842 1982 partium
870 1907 1136 1969 efformationem·
1162 1907 1227 1968 dis·

262 2031 290 2064 -,
317 1989 412 2076 iungi
432 2002 609 2078 nequeunt.
651 1987 773 2053 Falsum
801 1995 933 2076 quisque
958 1993 1074 2052 diceret
1101 1986 1225 2054 classifi.

317 2077 498 2156 “imme
523 2078 703 2141 ⁸1⁴1¹1110³m
724 2081 900 2158 systematis
920 2079 1051 2160 nervosi,
1066 2075 1254 2138 evolutio-''

122 2199 131 2224 t
226 2159 263 2204 -’
317 2183 399 2228 nem
417 2165 506 2246 sequi
525 2165 596 2246 quis
617 2163 725 2240 vellet,
745 2167 859 2246 species
880 2165 971 2226 enim
991 2165 1135 2226 maxime
1154 2159 1223 2222 affr-

318 2270 375 2313 nee
395 2249 619 2333 disjungendae
640 2246 756 2310 forent.
811 2249 924 2332 Neque
945 2262 1046 2314 exstat
1065 2247 1150 2314 aliud
1171 2266 1224 2308 or·
1307 2233 1308 2286 i

246 2401 249 2406 ,
318 2339 429 2420 ganon'
451 2340 487 2397 in
518 2338 673 2397 omnium
700 2335 895 2422 animalium
911 2383 915 2388 .
930 2353 1062 2416 corpore
1088 2334 1225 2426 aequalia

224 2413 226 2424 '
318 2439 447 2503 semper
467 2423 641 2488 momenti.
663 2453 707 2469 ·-
748 2421 860 2482 Simile
881 2419 920 2481 de
941 2418 1055 2502 plantis
1077 2421 1165 2484 effari
1184 2420 1224 2480 li·

318 2520 396 2592 ceat.
442 2505 589 2570 Omnem
609 2505 814 2590 vegetationis
833 2499 971 2587 scopum
991 2505 1224 2570 formanonem

316 2608 512 2677 organorum
523 2613 603 2670 esse,
623 2593 841 2678 propagationi
858 2593 1105 2676 inservientium
1121 2611 1224 2653 nemo

293 2681 461 2764 -riegabit3
490 2699 586 2764 quare
607 2679 699 2742 llores
720 2691 752 2738 et
773 2676 895 2746 frustm
916 2679 1057 2760 partibus
1076 2680 1225 2742 essentia·
1268 2709 1271 2713 ·

244 2791 258 2816 ι’
315 2765 401 2828 libus
421 2767 552 2850 quisquo
574 2761 805 2827 adnumerabit.
849 2763 991 2840 Minime
1012 2779 1123 2830 tamen
1144 2779 1175 2826 v.
1191 2781 1222 2826 e.

315 2855 353 2915 in
372 2853 486 2936 plantis
506 2849 671 2914 bulbiferis
691 2850 783 2912 flores
809 2869 952 2934 organon
981 2848 1153 2933 principale
1173 2851 1224 2912 di-

315 2957 376 3017 eas,
395 2938 554 3021 plurimae
566 2937 657 2998 enim
668 2935 785 3014 bulbis,
805 2937 922 3019 absque
938 2930 1127 3012 seruilibus,
1147 2956 1223 3018 pro-

315 3038 481 3108 pagantur,
502 3025 671 3106 multoque
692 3026 803 3086 minus
823 3028 904 3084 tanti
924 3025 1087 3088 momenti
1108 3023 1222 3089 habeas

314 3111 498 3174 rudimenta
525 3111 646 3173 florum
673 3111 710 3173 in
735 3110 851 3194 plantis
871 3111 1036 3177 nonnullis
1057 3119 1221 3192 cryptoga-

246 3269 250 3278 ,
314 3197 407 3258 micis
427 3199 603 3277 conspicua.
743 3205 747 3212 “
881 3223 883 3230 2
1154 3199 1158 3206 '

342 3289 346 3296 '
398 3282 510 3364 Neque
536 3274 728 3426 desunpqui
755 3299 893 3342 omnem
914 3278 1219 3342 classifieationerna

315 3365 393 3438 flore
413 3381 446 3430 et
466 3368 573 3429 fructu
595 3369 649 3428 der
663 3366 798 3450 vendam
820 3379 982 3442 censeant,
1012 3367 1085 3445 quia
1111 3367 1220 3426 ceteris

314 3453 456 3533 partibus
475 3455 689 3528 *antesellunn
738 3451 827 3536 Quae
856 3453 1021 3526 nimirum
1047 3449 1219 3526 soscmsiva

243 3583 248 3592 .
315 3540 499 3620 plantarum
521 3541 719 3622 vegetatione
740 3549 944 3618 procreantur
964 3555 1081 3620 organa
1102 3556 1139 3597 eo
1160 3555 1218 3617 po·

315 3626 481 3706 tissimum
508 3625 677 3702 differunt,
715 3624 803 3706 quoti
822 3635 978 3688 structura
997 3622 1154 3708 gradatim
1173 3623 1221 3682 elz
