2648 4746
653 289 796 413 352
839 341 881 364 ...

220 510 232 520 2
322 487 385 548 rari
406 483 513 562 cretio,
537 495 573 544 ‘et
593 483 732 566 quidem
745 484 801 544 tali
822 483 932 545 ordine
954 484 1136 566 vegetabilis
1157 507 1248 551 erra.

219 569 225 584 ‘
324 575 509 645 minentur,
542 571 626 650 quali
646 567 828 650 perfectiora
850 569 1025 651 prodeunt,
1043 585 1095 632 „ut
1116 575 1246 652 hujus.

325 658 416 718 modi
438 651 696 735 disquisitionurn
724 655 879 724 methodo
906 668 938 717 et
964 675 1066 717 nexus
1092 671 1124 717 et
1151 679 1246 721 usus

242 761 264 785 ·=
323 743 523 828 singularum
539 742 680 820 partium
695 743 866 808 accuratius
876 743 1091 824 investigetur.
1134 745 1245 806 Plan-

323 841 374 887 tae
396 847 413 887 e
434 843 522 886 mera
544 821 604 885 tela
624 825 768 888 celluloaa
788 826 938 888 conflatae
955 846 1030 909 prae
1047 831 1155 890 ceteris
1179 851 1243 890 ex.

285 933 299 970 ,ι
325 911 516 973 'seminandae'
533 911 701 988 videntur,
734 924 814 972 tunc
839 931 859 974 e
889 912 948 972 tela
976 913 1120 974 cellulosa
1149 935 1242 976 cum

325 1000 405 1058 vasis
426 995 624 1078 simplicibus
642 997 818 1074 formatae,
849 1016 961 1079 easque
980 997 1154 1080 sequantur
1175 1021 1242 1062 ve-

263 1077 266 1088 ⁴
325 1081 468 1166 getabilia
489 1103 507 1143 e
527 1082 587 1144 tela
609 1084 753 1144 cellulosa
780 1102 859 1144 cum
879 1084 1174 1164 vasissimpticibus
1202 1099 1242 1148 et

324 1163 498 1250 spiralibus
515 1170 625 1249 sparsis
652 1182 845 1244 constructa,
876 1170 1016 1229 dentum
1041 1169 1240 1250 dicotylerlo-

304 1271 464 1316 neotum
492 1255 614 1317 cohors.
667 1257 705 1315 ln
733 1255 786 1314 tali
817 1255 1031 1336 disquisitione
1058 1275 1240 1338 rnouogra-

326 1341 434 1421 phica,
453 1341 481 1400 si
501 1333 563 1400 ia'ta
585 1339 700 1416 velint,
727 1339 828 1401 redux
849 1359 888 1408 ex
908 1341 1037 1416 itinere,
1064 1341 1238 1423 diligenter

326 1424 495 1488 suadebo
538 1419 627 1510 Q'uae
653 1425 817 1506 hucusque
844 1427 1055 1496 monuimus,
1088 1446 1166 1485 sum
1197 1431 1238 1487 in

259 1557 264 1574 s
324 1511 426 1572 finem
449 1509 685 1584 alciacenses,
707 1523 744 1570 ut
766 1513 1001 1592 opportunitate
1023 1517 1157 1570 utarirur
1174 1507 1239 1590 ju-

325 1595 517 1658 cundissima
549 1604 692 1662 amicum
715 1610 907 1680 gratumque
928 1601 1079 1656 aninumr
1107 1597 1239 1679 collegis

326 1683 596 1756 aestumatissinris
616 1657 811 1746 testificanfli.
870 1683 932 1744 Vos
952 1685 1061 1758 enirn,
1095 1685 1157 1742 viri
1176 1701 1238 1744 ex·

325 1767 558 1843 cellentissimi,
578 1768 645 1846 jorn
668 1788 684 1826 a
705 1770 818 1847 primis
840 1756 967 1844 diellus,
988 1769 1105 1848 quibus
1117 1767 1238 1829 Alber-

245 1869 247 1874 ·
310 1856 431 1922 ¹tinam
442 1852 588 1928 salutavi,
609 1851 747 1912 fautores
768 1853 867 1912 halari
887 1865 919 1912 et
940 1857 1073 1929 amicos,
1094 1854 1157 1916 Vos
1172 1855 1240 1915 ho·

269 2006 271 2021 Ι
326 1941 443 2019 spitem
475 1941 708 2000 communium
741 1933 923 1998 officiorum
959 1938 1087 2000 vinculo
1118 1941 1239 2019 adjun-

320 2037 421 2088 ctum
441 2021 552 2085 animo
573 2025 732 2103 excepistis
754 2023 910 2084 benevolo
930 2043 965 2085 ac
986 2023 1126 2087 candido.
1167 2018 1237 2086 Ac·

326 2111 445 2192 cipiatie
479 2111 580 2172 velim
618 2111 810 2192 gratissimae
843 2113 967 2174 mentis
995 2111 1235 2172 testimonium.
1317 2133 1318 2136 ¹

326 2198 364 2258 ln
396 2196 683 2297 alipnorljernpus
711 2195 922 2255 valedicturus
950 2199 984 2258 in
1014 2197 1096 2256 votis
1128 2197 1237 2258 habeo

325 2282 574 2360 ardentrssimis,¹
607 2301 671 2360 quo
698 2283 809 2342 animo
840 2279 942 2340 itristis
969 2283 1004 2340 in
1032 2293 1236 2361 praesentem

326 2369 443 2428 eodem
463 2370 529 2428 sitis
549 2369 583 2427 in
605 2367 782 2436 absentem.
825 2362 947 2428 Valere!
969 2367 1110 2446 Vosque,
1141 2387 1234 2428 conr.

324 2453 489 2512 tuilitones
510 2453 721 2526 dilectissimi,
757 2471 806 2510 res
834 2453 955 2512 Vestras
982 2454 1063 2534 agite
1090 2454 1236 2532 feliciter,
1316 2459 1317 2528 l

327 2551 361 2598 et
380 2538 473 2600 nobis
494 2549 672 2620 turgescant
691 2535 761 2596 vela
783 2539 886 2599 ventis
907 2535 1063 2635 secundis.
