2648 4746
362 363 668 429 .···23··÷

96 523 173 584 situ
192 520 322 581 utimur
347 529 389 578 ιιι
409 531 545 578 normas
564 516 662 576 instar
691 516 788 577 sitin
814 518 1017 600 disponendis

99 605 251 673 familiis
277 603 434 698 Exempla
453 603 547 686 offert
565 601 611 662 ill.
617 603 767 664 lussieui'
769 618 907 682 systema
926 607 1016 687 plan·

98 673 397 878 ιωιιῗὸιιιιιιιῖιι
388 763 553 835 intercedit
565 719 699 834 affinitas
719 772 903 874 vegetabilis
923 773 1015 854 plura

71 919 75 926 .
97 865 306 926 staminum
321 865 383 926 situ
410 861 540 922 diversa.
593 858 865 940 Disiunguntur
858 878 892 917 m
918 869 1016 937 syste-

53 945 56 949 ’
99 963 197 1010 mats
222 944 440 1010 Iussieusno
429 946 519 1024 Junci
546 956 585 1005 et¹
606 945 766 1028 gramina,
799 944 950 1022 atriplices
982 957 1017 1006 et
1122 943 1129 958 “

99 1036 238 1108 urticae,
258 1032 404 1114 cycadeae
425 1050 460 1094 ac
481 1029 604 1111 palmae
625 1042 657 1090 et
678 1029 815 1092 familiae
836 1029 941 1109 plures
962 1030 1015 1089 ad-

101 1119 252 1180 modum
264 1115 377 1200 affines
399 1117 449 1177 ob
462 1116 564 1179 solam
586 1115 800 1188 methodium
827 1117 941 1174 rectius
961 1133 1015 1195 ap-

102 1206 284 1288 proximari
311 1203 381 1284 qiris
408 1198 588 1264 dubitaret?
642 1199 802 1283 Regulam
830 1194 927 1264 etiam
954 1199 1041 1261 sibi¹
1146 1213 1148 1218 '
1217 1251 1223 1261 .

101 1290 244 1354 electam
264 1290 444 1372 saepissime
465 1287 617 1367 relinquit
637 1303 790 1348 summus
811 1288 877 1363 vir,
899 1287 1015 1386 species

101 1394 136 1436 v.
150 1395 175 1436 c
199 1375 313 1439 dioicas
332 1375 440 1457 plures
461 1391 538 1433 cum
559 1371 826 1453 hermaphroditis
846 1365 1015 1455 coniungit

99 1475 164 1537 aut
189 1460 464 1562 hermaphroditas
492 1459 575 1518 inter
601 1457 730 1533 dicitas,
773 1457 902 1519 classem
931 1457 1015 1518 deci-

101 1560 202 1608 mam
223 1549 372 1626 quintam
395 1545 637 1630 constituentes,
658 1543 811 1606 admittit
853 1543 887 1603 Si
905 1540 1013 1602 stricte

72 1695 75 1700 ,
101 1633 198 1712 sequi
223 1633 294 1713 quis
319 1625 415 1691 vellet
442 1621 622 1692 staminum
653 1631 754 1689 situm
786 1630 822 1688 in
856 1627 1012 1688 classifica·

101 1719 195 1778 tione
221 1717 420 1798 plantarum,
457 1716 602 1778 maxime
628 1711 733 1777 affinia
752 1713 931 1796 saepissime
954 1715 1013 1775 dis·

99 1801 261 1886 iungeret.
332 1821 339 1826 ·
760 1837 762 1844 ι

189 1886 278 1950 Obs.
305 1881 437 1969 Species
449 1884 570 1948 dioicae
590 1899 624 1946 et
645 1889 812 1954 monoicae
832 1887 868 1947 in
890 1885 1011 1967 planta·
1025 1951 1026 1958 χ

101 1969 182 2034 lam
206 1985 375 2052 systemate
396 1973 533 2032 naturali
559 1973 657 2056 vulgo
680 1973 876 2052 appellantur
890 1972 1011 2072 'abortu

101 2052 240 2140 regulari
260 2058 406 2132 rliclines‚
435 2069 473 2115 ut
494 2076 532 2116 eo
553 2055 673 2116 facilius
695 2073 807 2116 carum
827 2056 1011 2134 conjunctio
1051 2114 1054 2120 .

104 2161 185 2202 cum
206 2142 474 2221 hermaphroditis
493 2141 603 2202 lectori
627 2140 770 2212 arrideat.
810 2140 959 2204 Abortus
973 2160 1017 2202 eo
1032 2180 1035 2202 ι

104 2227 360 2306 demonstratur,
398 2225 492 2314 quod
515 2225 684 2287 diclinibus
711 2213 802 2306 saepe
831 2225 1012 2288 intermixti

79 2327 182 2374 esunt
195 2311 448 2392 hermaphroditi
462 2325 518 2372 aut
538 2313 634 2374 flores
649 2308 834 2372 rudimento
854 2331 946 2376 sexus
966 2312 1011 2372 al-

102 2400 201 2458 terius
227 2399 384 2458 instructi.
427 2398 558 2459 Accedit
585 2397 670 2488 quod
705 2397 765 2472 (ex
792 2397 1010 2458 observatione

103 2485 159 2548 uel.
181 2483 301 2544 Swartz
322 2503 455 2546 mecum
485 2479 741 2560 communicata)
769 2486 1011 2544 cucurbitarum

63 2591 66 2604 ·
103 2569 238 2630 feminei
258 2569 349 2629 flores
368 2570 533 2652 interdum
545 2564 798 2652 hermaphroditi
814 2569 964 2646 evadunt,
984 2573 1012 2631 si

74 2655 76 2664 ’
104 2655 237 2720 masculi
264 2653 518 2733 abscinnmturj
539 2657 732 2734 increspente
757 2657 920 2715 nimirum
948 2665 1012 2715 sta·

104 2744 239 2804 minum
261 2741 445 2805 rudimento
466 2745 501 2804 in
522 2740 652 2801 floribus
670 2739 819 2800 femineis
836 2739 1008 2815 recondito.

107 2826 224 2887 Contra
246 2826 338 2886 arbor
358 2847 457 2908 prope
476 2826 635 2908 Upsaliam
654 2839 738 2901 nata,
758 2806 930 2888 aLinnaeo
948 2825 1009 2885 sub

105 2913 239 2972 nomine
264 2909 369 2973 Salicis
396 2911 671 2992 hermaphroditae
699 2913 868 2993 descripta,
893 2913 1010 2975 nostris

106 2997 216 3057 diebus
237 2991 328 3056 flores
349 3011 484 3068 tantum
500 2997 656 3058 femineos
676 2997 844 3078 profert.

188 3080 222 3140 Si
241 3081 361 3160 plantas
382 3083 493 3144 dioicas
514 3095 693 3164 spectamus
719 3095 874 3162 tanquam
893 3061 1032 3182 abortui
1113 3068 1117 3072 ⁴
1153 3076 1183 3130 ’-

12 3153 13 3160 ¹
107 3165 243 3242 didisse,
266 3167 321 3226 vix
341 3169 398 3235 alia
415 3173 493 3230 ratio
515 3181 613 3232 exstat
634 3167 734 3226 classis
755 3167 895 3228 decimae
917 3167 1008 3247 quin

107 3265 153 3312 tae
172 3258 360 3332 systematis
366 3255 513 3330 lumeni,
534 3254 596 3312 nisi
622 3253 708 3332 quod
732 3265 826 3313 notae
856 3273 874 3312 a
897 3255 1008 3312 stami-

108 3355 187 3480 rruup1
214 3339 277 3397 situ
307 3335 458 3405 deductae
490 3342 525 3439 in
564 3339 701 3420 species
696 3339 829 3400 dioicas
865 3340 1007 3398 minime

109 3440 167 3502 qua
189 3434 267 3482 rant.
336 3425 338 3441 ¹

191 3505 277 3592 Quae
299 3505 337 3566 de
360 3501 475 3588 plarltis
496 3507 603 3568 diolcis
623 3522 767 3570 statuunt
787 3521 944 3585 auctores,
965 3508 1004 3568 de

110 3595 295 3660 animalibus
313 3612 391 3654 sexu
406 3594 558 3664 distinctis
579 3614 677 3676 aeque
697 3595 773 3656 dici
778 3594 878 3672 liceat,
898 3613 1004 3676 quum

111 3681 204 3742 etism
234 3682 270 3740 in
305 3697 402 3763 regno
434 3677 565 3740 aniruali
590 3694 636 3759 sat
665 3699 795 3766 magnus
826 3684 1003 3764 specierum
