2648 4746
447 321 712 384 ...9,..„

98 472 229 541 ιὶιιιιιιο
249 478 335 540 inter
356 471 509 537 Gramina
529 489 562 538 et
581 475 755 558 Asparsgos
777 472 912 542 medias
918 491 1002 542 recte
1026 545 1028 552 ,

98 567 261 646 dispositas
290 559 415 625 credat‘l
456 561 694 643 Disiunguntur
725 560 864 622 fauriliae
895 563 1006 626 aduro·
1102 573 1107 588 '

99 652 184 711 dum
211 649 321 710 affines
342 651 396 708 tali
416 645 689 714 classificationum
715 645 887 722 methodo,
919 668 951 712 v
975 669 1004 708 c

96 733 199 796 iunci·
213 747 246 795 ct
266 735 434 811 Gramina,
455 729 625 816 Atriplices
646 749 677 794 et
697 733 837 808 Urticae,
864 731 950 810 Casti
972 747 1005 794 et
1057 771 1061 774 -

99 821 263 902 Stapeliae.
283 849 328 867 --
362 821 564 916 Experientia
585 819 685 898 docet,
706 817 871 881 affiniutas
893 837 1005 900 corpo-

99 925 179 968 rum
201 925 289 974 mox
312 903 396 966 illius
424 925 504 968 mox
521 893 657 970 alterius
687 903 796 986 organi
823 903 1006 964 conforma·
1011 927 1022 944 ι

99 995 191 1052 tione
219 984 418 1072 prornoveri3
457 1009 538 1073 quac
563 994 670 1070 itaque
695 991 735 1050 sit
762 987 896 1050 affinitas
923 991 1005 1050 ordi-

99 1073 189 1138 num
208 1095 264 1136 seu
286 1077 484 1138 familiarum
511 1074 742 1139 characteribus
766 1093 784 1134 a
805 1075 933 1138 diversis
954 1095 1006 1135 or·
1051 1138 1052 1147 χ

123 1164 190 1222 ania
211 1162 349 1223 deductis
377 1163 586 1224 indicandum
607 1167 668 1225 erit
694 1179 799 1240 neque
818 1159 925 1222 licebit
945 1175 1007 1222 no·
1115 1210 1118 1220 ,

26 1251 34 1264 “
99 1182 142 1314 {a
174 1247 396 1310 conformibus
427 1249 551 1310 ordines
583 1263 640 1308 aut
669 1243 806 1308 familias
837 1243 1005 1328 conjungi.
1077 1283 1089 1305 ι,

98 1331 169 1402 Nec
190 1335 288 1395 etiam
305 1335 379 1396 licet
399 1325 541 1397 modum
570 1333 807 1394 classificatiouis
827 1333 1005 1409 praemedi-
1050 1341 1053 1346 “

98 1421 161 1479 tari
186 1421 241 1480 sed
267 1421 360 1486 series
388 1422 542 1480 ordinum
569 1439 604 1480 ac
630 1438 788 1502 generum
809 1415 1008 1478 admittenda

98 1507 177 1580 erit,
202 1508 253 1566 uti
273 1508 467 1584 comparatio
489 1507 631 1586 partium
653 1505 805 1564 omnium
829 1517 885 1562 aut
904 1503 1006 1584 pluri·
1012 1519 1014 1525 ’
1075 1506 1082 1524 “

99 1589 385 1650 ιιιιιιιιιιιιιιιιιιιιι
394 1590 510 1670 prodit
543 1591 740 1668 Huiusmodi
753 1590 856 1664 series,
877 1589 1006 1670 quando
1079 1627 1082 1634 ι

100 1675 233 1734 iuventa
254 1677 332 1751 crit,
363 1677 464 1752 notis,
496 1676 611 1756 quibus
631 1687 818 1758 agnoscatur
838 1687 870 1734 et
890 1694 1006 1756 genera

99 1763 341 1836 cdnnectantur,
362 1762 505 1822 minime
525 1761 649 1836 carebit,
673 1773 767 1821 notae
780 1773 889 1820 autem
901 1761 1006 1820 diver·

83 1845 240 1922 *sissimus
259 1858 365 1912 erunt.
387 1877 429 1893 -
455 1847 585 1930 Zoologi
607 1867 665 1927 pro
686 1847 822 1928 singulis*
839 1845 1006 1907 ordinibus
1088 1871 1092 1895 ι

98 1929 234 1991 diversas
255 1931 348 2013 plane
369 1933 657 1994 classificationesa'c
670 1945 771 2008 notas,
792 1931 1005 2010 bualesproda
1055 1935 1075 2010 f

65 2084 68 2094 s
98 2007 181 2080 eunt
207 2037 246 2079 ex
273 2037 471 2099 organorum
493 2017 745 2098 comparatione,
777 2015 867 2075 facilc
884 2018 1006 2076 admit-

98 2114 188 2166 tunt.
223 2100 296 2162 Alia
317 2103 385 2182 lege
406 2103 649 2184 conjunguntur
672 2101 810 2164 familiae
830 2101 1006 2178 zoophyto·

99 2204 199 2258 rum,
227 2185 285 2244 alia
312 2183 540 2246 entoaoorum
582 2189 654 2248 lam
681 2185 735 2246 ccl.
757 2186 948 2246 Decandolle
974 2200 1007 2246 et
1048 2191 1071 2248 ,’

100 2269 255 2351 Sprengel
275 2271 430 2332 methodo
451 2273 660 2354 zoologorum
681 2272 849 2346 accedunt3
872 2273 1006 2347 conjun-

100 2367 185 2440 gunt
205 2357 370 2419 nimirum
389 2357 536 2434 familias,
557 2359 607 2418 uti
626 2357 736 2418 affines
756 2375 822 2418 sese
843 2356 1005 2439 praebent,
1080 2370 1087 2407 ἰ

99 2439 208 2502 relicta
225 2443 397 2522 methodo,
418 2449 530 2524 quam
537 2461 632 2525 supra
653 2445 858 2512 monuimus
891 2444 1004 2523 Super

98 2531 205 2588 estut
226 2528 280 2588 cel.
301 2531 363 2589 viri
389 2529 556 2590 familias
546 2545 590 2590 ιιι
615 2531 804 2612 insigniant,
846 2543 884 2591 ut
909 2531 1005 2596 clavis
1069 2575 1071 2580 ,

11 2631 15 2642 ’
98 2625 156 2672 aut
176 2629 360 2694 conspectus
381 2615 522 2697 prodeat,
541 2615 631 2696 cujus
653 2615 822 2678 divisiones
843 2635 878 2676 ac
899 2617 1026 2676 chara-x

68 2771 71 2780 ,
100 2711 198 2760 oteres
218 2719 276 2780 pro
297 2703 427 2782 singulis
447 2701 586 2762 seriebus
607 2701 835 2762 diversissimae
856 2715 959 2762 ιιιιιιι.

184 2785 220 2859 2)
252 2785 286 2846 Si
313 2788 464 2869 zoologus
489 2771 755 2848 classificationem
777 2807 793 2846 a
814 2788 1011 2870 genitalium,

100 2883 257 2930 stmctura
277 2884 309 2930 et
330 2873 523 2932 animalium
533 2871 726 2974 'graviditate
743 2873 912 2935 deductam
931 2892 1004 2952 pro

100 2975 222 3038 ponere
248 2955 357 3036 vellet,
393 2977 472 3018 sum
494 2959 579 3018 miro
601 2960 701 3024 modo
723 2980 741 3020 a
764 2961 894 3020 veritate
915 2958 1004 3016 aber·
1071 2979 1075 2986 ·

100 3059 183 3102 rasse
209 3041 299 3101 facile
326 3045 457 3124 quisque
484 3043 687 3108 concederet:
729 3045 868 3106 botanici
896 3056 1004 3103 contra

99 3127 383 3212 tanquamlegem
402 3142 557 3206 statuunt,
570 3143 616 3209 ,ιιι
635 3131 801 3199 affmitates
821 3130 1005 3210 plantarum

101 3227 158 3273 aut
185 3214 299 3274 saltem
326 3215 512 3278 characteres
536 3235 557 3276 'e
577 3216 654 3277 flore
675 3231 707 3277 et
733 3217 842 3278 fructu
863 3214 1027 3278 derivem

101 3311 169 3362 tur
204 3299 394 3380 Repugnat
408 3298 532 3384 regulae
559 3303 736 3382 systematis
757 3296 906 3362 naturalis
927 3300 1004 3358 idea.
1027 3325 1039 3344 κ

100 3384 243 3446 Minime
261 3403 342 3467 quae
362 3387 494 3470 singulis
512 3389 597 3451 notis
617 3387 670 3455 sed
688 3408 771 3484 ‘quac
783 3387 1005 3468 plurimarum

102 3469 246 3552 partium
276 3473 530 3618 coprfprmatione
562 3470 759 3534 conveniunt
790 3472 850 3532 sub
888 3471 1004 3532 eodem

102 3553 216 3614 ordine
236 3573 305 3636 con]
354 3559 455 3640 ganda
477 3577 541 3619 esse
562 3557 670 3636 liquet.
722 3558 908 3636 Corporum
929 3575 1007 3620 ovo·

100 3641 266 3705 tutionem
287 3662 304 3704 a
325 3645 560 3728 simplicissimo
582 3657 665 3710 statu
692 3664 748 3729 per
769 3643 906 3730 singulas
927 3641 1005 3706 ctas
1012 3733 1013 3742 ἵ

245 3769 248 3776 -
264 3756 279 3784 ι
