2648 4746
250 851 260 943 ss,
333 837 669 961 Classificationum
689 841 986 912 anatomicarum
1000 857 1036 912 et
1047 826 1243 940 physiolo-

485 986 496 1012 ι
577 947 750 1046 gicarum
770 943 987 1051 propositio.

328 1181 452 1300 Haud
484 1234 610 1297 difficile
642 1233 725 1296 foret
762 1233 908 1314 pluribus
942 1231 1047 1294 adhuc
1076 1238 1238 1317 exemplis

328 1323 555 1404 comprobare,
594 1321 680 1402 quod
712 1319 898 1381 classificatio
930 1318 969 1380 ab
1001 1319 1090 1379 unici
1123 1327 1238 1410 organi

326 1410 584 1473 conforrnatione
610 1407 742 1467 deducta
770 1425 942 1488 corporum
970 1405 1086 1468 seriem
1107 1422 1238 1468 natura.

323 1495 394 1560 ism
417 1496 557 1556 minime
576 1495 672 1570 sistit,
710 1506 743 1554 et
771 1491 857 1576 qnod
887 1491 1005 1554 desunt
1033 1492 1235 1556 divisionum

325 1595 420 1645 notae
441 1581 518 1642 adeo
534 1581 798 1660 circumscriptae,
819 1591 868 1653 ut,
889 1579 915 1638 si
936 1597 993 1660 per
1014 1597 1130 1641 omnes
1151 1583 1232 1642 ordi·
1306 1595 1307 1654 ι

325 1687 382 1730 nes
403 1686 452 1726 eas
473 1667 734 1748 prosequimur,
747 1667 944 1744 exceptiones
965 1663 1137 1726 admittant
1157 1669 1234 1728 nul·
1306 1679 1307 1688 ¹

324 1753 377 1812 lus.
420 1751 526 1834 Quare
554 1767 623 1810 non
651 1749 744 1809 video
766 1769 823 1810 cur
844 1749 999 1811 methodo
1019 1751 1232 1836 zoologorum

322 1857 393 1906 raon
410 1850 552 1917 utamur,
573 1835 751 1896 anatomica
771 1837 934 1896 nimirum
955 1847 988 1896 et
1006 1835 1231 1938 physiologica.

324 1919 538 1998 (iiassiiicatim
559 1939 639 2002 quae
661 1914 775 1982 exinde
794 1919 952 2022 prodibit,
973 1923 1098 1996 etiamsi
1117 1925 1231 1988 indicis

235 2036 239 2045 1
323 2011 496 2070 commoda
518 2007 674 2068 difficilius
695 2007 857 2087 praebeat,
887 2009 1040 2068 inserviet
1060 2022 1165 2070 umen
1183 2013 1230 2072 ad

321 2091 527 2180 singulorum
559 2095 713 2154 ordinum
742 2093 915 2155 accuratius
946 2111 1098 2170 exarneu,
1130 2097 1227 2188 quale

320 2183 389 2264 jain
417 2177 620 2284 procreatum
648 2193 695 2240 est
720 2179 756 2240 in
776 2179 918 2266 zoologia
939 2177 1068 2242 ductu
1059 2173 1155 2262 ipsius
1175 2200 1228 2261 sy-

319 2269 474 2330 sternatis
516 2265 690 2328 Methodus
708 2278 820 2326 autem
836 2230 913 2325 haec
934 2267 1013 2341 erit,
1031 2266 1117 2346 quod
1136 2287 1228 2327 com-

318 2361 471 2435 parantur
492 2353 633 2432 plantae,
659 2351 763 2432 quoad
784 2348 939 2414 omnium
960 2354 1103 2432 partium
1124 2365 1156 2413 et
1174 2373 1227 2414 ex-

318 2453 487 2498 ternarum
520 2450 552 2497 et
572 2438 780 2496 internarum
810 2438 1105 2511 conformationem
1133 2451 1227 2522 atque

317 2541 438 2584 usum:
466 2539 585 2598 nexus,
608 2524 663 2603 qui
685 2523 739 2581 tali
759 2523 975 2602 disquisitione
996 2525 1174 2586 anatomica
1194 2541 1229 2588 et

317 2607 555 2692 physiologica'
547 2622 699 2668 rnventus
720 2609 795 2682 erit,
816 2621 970 2668 normam
990 2608 1227 2673 ciassificationis

318 2694 498 2778 praebebit,
534 2709 572 2755 ut
594 2694 708 2756 eodem
731 2693 871 2754 ordine'
862 2713 897 2754 m
919 2705 1088 2772 systemate
1108 2713 1227 2758 conne-

240 2842 243 2850 ,
316 2793 444 2844 ctantur
464 2781 604 2856 plantae,
626 2799 690 2859 quo
711 2777 820 2839 affines
841 2797 905 2839 sese
927 2779 1100 2840 ostendunt
1121 2798 1154 2844 et
1172 2785 1227 2844 iis·

316 2868 395 2927 dem
420 2865 658 2940 characteribus,
679 2863 795 2945 quibus
815 2860 979 2926 'affinitas
970 2867 1132 2934 mnititur
1153 2868 1224 2928 Hu·
1305 2943 1306 2948 η

314 2953 458 3033 jusmodi
479 2953 668 3012 characteres
691 2964 803 3014 autem
823 2951 1028 3014 diversissimi
1048 2968 1145 3014 erunt
1164 2975 1224 3036 pm

225 3049 250 3071 '‘
314 3041 439 3140 singula
459 3039 550 3098 classe
571 3055 606 3095 ac
626 3036 754 3124 ordine,
783 3048 815 3095 et
835 3055 852 3094 a
872 3037 936 3097 sola
957 3035 1078 3106 florum
1100 3053 1156 3100 aut
1175 3059 1224 3100 se·
1305 3037 1306 3098 Τ

315 3127 451 3186 aninum
472 3136 627 3184 structura
650 3114 784 3185 ιιιιινιιι
804 3126 981 3201 nequeunt.
1003 3123 1110 3184 Exstat
1124 3127 1222 3187 etiarn
1305 3139 1306 3154 ¹

313 3199 532 3272 characterum
554 3223 599 3267 sat
621 3225 757 3288 magnus
776 3225 946 3292 numerus,
967 3226 1045 3288 quos
1067 3211 1102 3268 in
1122 3230 1222 3286 usum
1305 3217 1306 3228 ¹

313 3295 453 3374 botartici
472 3294 629 3356 nondum.
644 3306 853 3368 vocaverunt,
880 3295 917 3354 in
944 3292 1064 3372 florum
1092 3309 1123 3356 et
1153 3297 1223 3357 fru-

272 3386 277 3396 ’
312 3396 429 3466 eruum
452 3384 598 3439 examine
619 3397 719 3440 rumas
740 3391 927 3440 rnsrstentes
977 3365 1070 3440 Facili
1091 3385 1222 3464 negotio

245 3459 250 3468 ‘
311 3468 344 3526 dr
345 3480 555 3586 pcernuntur
580 3479 620 3525 ut
640 3483 748 3548 pauca
746 3477 888 3525 tantum
910 3461 1041 3524 afferam
1062 3469 1222 3570 exempla,

312 3552 426 3612 Musae
455 3565 487 3612 et
508 3551 635 3612 Cannae
662 3551 781 3612 cellulis
802 3549 938 3612 aeriferis
960 3551 1135 3653 quadratis,
1167 3557 1220 3614 iis·

289 3635 392 3702 'dam
410 3640 510 3715 notis,
531 3636 614 3698 sed
605 3656 640 3698 m
662 3636 744 3698 iuliis
765 3647 895 3698 tantum
918 3639 1101 3721 conspicuis,
1123 3637 1220 3700 Crina
