2648 4746
594 268 666 281 ,a

446 285 662 383 451²·-

482 377 486 397 ,
633 375 638 382 .

286 397 289 408 ¹
312 395 316 422 l

113 473 162 538 ab*
193 467 352 534 affinibus*
374 467 613 552 disjunguntur.
675 473 746 535 lam
784 488 892 538 tenera
924 485 1023 538 aetate

111 545 319 641 Nymphaea,
341 549 577 632 Nelumbium,
598 557 901 639 Euryale,Alisrua,
923 561 1022 644 Sagit·

112 645 193 705 teria
222 654 253 702 et
273 639 487 724 Aponogeton
514 659 730 726 agnoscuntur
750 647 840 727 ,foliis
866 645 905 709 ab
934 661 1022 708 utro·

111 747 176 807 que
204 727 300 788 latere
329 726 507 789 convolutis
528 730 564 788 in
590 730 744 808 cylindros
771 735 863 796 binos
883 735 922 794 ad
948 753 1023 794 ner·

7 875 8 878 Ἴ
111 832 197 874 vum
218 810 393 894 superficiei
411 831 564 894 supernae
584 816 734 878 medium
757 819 925 902 parallelos.
947 821 1022 878 Eos·
1053 899 1055 906 Ι

6 887 12 914 ”
112 897 193 958 dem
222 899 378 977 cylindros
396 899 459 958 ‘sed
484 900 520 958 in
547 895 697 980 paginam
723 905 909 967 inferiorem
932 923 1023 964 revoc

110 982 332 1067 lutosgenera
353 983 495 1060 Rumex,
515 983 661 1065 Rheum,
682 987 866 1070 Cocdoloba,
887 992 1020 1073 Polygo-

110 1088 198 1129 num
220 1083 253 1130 et
273 1067 378 1129 affinia
401 1068 552 1131 offerunt.
599 1071 728 1154 Arum,
755 1076 858 1156 Calla,
879 1082 1021 1152 Dracon-

108 1155 217 1230 tium,
255 1153 379 1220 Potbos,
401 1155 484 1216 foliis
510 1155 649 1240 gaudent
675 1161 712 1220 in
739 1163 919 1242 cylindrum
940 1167 1020 1226 sirn-

107 1241 230 1320 plicem
249 1254 322 1301 ante
344 1243 566 1303 vernationem
589 1247 749 1307 contdrtis.
781 1249 902 1314 Genera
910 1253 1020 1335 Agave

34 1365 37 1368 -
107 1337 142 1384 et
162 1324 245 1386 Aloe
264 1325 331 1404 jam
354 1327 390 1386 in
411 1317 569 1388 foliomm
587 1333 724 1392 sectione
745 1346 918 1399 transversa
938 1353 1018 1401 stru·

106 1423 214 1472 aturae
236 1403 452 1472 diversitatem
473 1414 657 1481 ostendunt.
699 1418 861 1496 Aciculas,
881 1419 961 1506 'quas'
981 1425 1036 1480 in'

107 1497 188 1555 vasis
210 1497 349 1557 aeriferis
361 1543 366 1557 .
377 1495 584 1583 Nymphaeus
606 1502 693 1562 albae
712 1517 744 1564 et
763 1504 867 1568 luteae
888 1526 1019 1588 conspe·

107 1592 229 1638 xerunt
250 1576 305 1639 cel.
327 1581 508 1661 Rudolphi,
534 1580 618 1648 Link
639 1601 671 1647 et
691 1590 897 1672 Treviranus,
918 1603 1038 1678 aeque'

106 1661 350 1726 observavimus
371 1667 407 1726 in
427 1665 623 1750 Nymphasia
645 1674 721 1752 aliis,
743 1677 869 1740 odorata
889 1683 1017 1756 scilicet,

104 1767 278 1830 pygmaea,
301 1751 418 1826 rubra,
450 1755 609 1833 caerulea,
633 1779 692 1842 nec
712 1764 824 1826 minus
843 1770 879 1828 in
900 1788 1016 1852 genere

103 1831 214 1910 affini,
242 1835 379 1914 Euryale
405 1837 517 1910 femen
572 1839 693 1927 'lugens
721 1862 769 1910 est
797 1851 1015 1917 characterum

104 1913 264 1982 numerus
284 1941 391 2002 neque
412 1925 504 1984 coelo·
521 1945 626 2008 neque
647 1933 769 1993 cultura
793 1941 1015 2018 mutabilium,

105 2021 200 2084 quare
221 2007 257 2065 in
277 2007 379 2068 solam
400 2007 521 2083 fictum
543 2025 575 2072 et
595 2015 765 2093 fructuum
786 2023 1014 2086 conformatio·

100 2102 188 2150 nem
207 2093 390 2158 insistamus
411 2093 497 2155 haud
517 2103 742 2166 necessarium.
792 2107 880 2190 Quos
907 2112 1014 2172 chara·
1056 2155 1061 2172 ,

104 2186 202 2235 cteres
223 2189 333 2237 autem
350 2179 386 2238 in
404 2199 504 2242 usum
524 2183 796 2252 classificationum
815 2198 1013 2268 naturalium

102 2260 130 2321 si
151 2263 324 2338 vocareris,
347 2265 443 2326 totius
464 2267 589 2347 plantae
610 2273 728 2356 image
741 2276 862 2342 facilius
882 2274 1012 2364 patebit,

100 2347 204 2424 quam
232 2365 250 2406 e
278 2347 501 2412 distributione
527 2357 772 2440 vegetabilium,
804 2383 822 2425 a
849 2363 920 2432 sola'-
942 2386 1013 2452 par·
1088 2445 1090 2448 ¹

99 2431 189 2491 tium
218 2435 436 2516 propagationi
469 2439 714 2507 inservientium
739 2451 904 2515 'structura
929 2457 1011 2520 deri·
1093 2527 1095 2536 ,

99 2528 186 2588 vata3
219 2515 341 2579 facilius
363 2521 467 2602 etiarn¹
489 2524 609 2605 plantas
630 2533 783 2607 nondum
803 2539 950 2605 florentes
969 2545 1010 2604 ad

99 2596 230 2662 classem
251 2616 284 2664 et
304 2604 463 2668 familiam
485 2611 602 2676 referre
623 2615 738 2680 licebit.
878 2685 882 2692 .
1035 2671 1037 2677 ι

184 2688 356 2770 Temporis
375 2697 518 2774 angustia
538 2713 641 2778 vetat,
672 2725 737 2785 quo
764 2711 875 2777 minus
902 2735 1008 2796 prose·

97 2791 177 2852 quar
196 2793 296 2853 quam
317 2767 537 2841 delineandam
561 2791 682 2868 suscepi
697 2791 885 2872 plantarum
907 2802 1008 2864 classi.

96 2855 292 2923 dandonem.
311 2860 424 2942 Adjeci
434 2863 668 2935 distributionis
677 2881 885 2960 methodicae,
906 2907 1005 2966 quam

97 2937 357 3026 indigitavimus,
389 2952 596 3034 exemplum,
626 2957 722 3041 idque
750 2969 882 3048 excipiat
895 2972 1005 3053 xlector

96 3023 183 3086 haud
205 3040 357 3112 tanquam
379 3052 481 3096 novae
498 3035 735 3110 classificationis
749 3057 927 3134 specimen,
950 3060 1004 3120 sed
1109 3058 1111 3063 ’
1214 3095 1218 3104 ·

95 3123 251 3190 tanquam
280 3117 424 3190 tabulam
450 3121 489 3180 ad
515 3123 735 3194 illustrandam
761 3153 905 3202 nostram
931 3164 1003 3206 sen·

96 3198 234 3258 tentiam
265 3200 446 3272 facientem.
472 3248 476 3252 -
515 3209 621 3288 Probe
656 3221 804 3298 equidem
836 3229 899 3298 scio
914 3251 1003 3311 per·
1106 3273 1110 3284 ι
1173 3206 1180 3230 N

95 3281 201 3342 multa
222 3281 326 3347 adhuc
345 3281 451 3352 relictis
472 3311 554 3372 csse,
587 3319 692 3381 neque
719 3305 825 3370 licebit
846 3313 1002 3378 classifica-
1035 3367 1036 3376 ,

93 3367 218 3427 tionem
238 3373 430 3453 naturalem,
450 3383 664 3445 anatomibsm
685 3392 845 3456 nimirum
869 3414 901 3459 et
921 3404 1002 3482 phy·

52 3490 60 3510 s
93 3451 275 3536 tiologicam
296 3465 450 3541 proponi,
479 3468 667 3548 priusquam
688 3488 842 3540 structura
865 3485 1000 3549 familia·

93 3527 170 3594 runi
190 3551 231 3601 ret
258 3543 411 3622 ordinum
440 3555 668 3633 vegetabilium
691 3561 819 3635 uberius
842 3571 999 3652 explorata

37 3653 40 3664 ·
85 3621 160 3684 erit·
212 3625 459 3715 Monographias
485 3644 851 3754 anatomicasppriruum
879 3658 999 3720 deside·
