2648 4746
422 937 638 1082 {iupus
687 945 715 1010 1.

217 1105 295 1186 ¹De
318 1107 489 1184 methodo
515 1103 712 1272 uoturoli
705 1111 913 1211 generalia.

508 1349 613 1436 (tr.

100 1429 373 1554 Aidentissimo
393 1467 519 1549 studio
531 1489 601 1548 aevi
620 1487 730 1549 nostri
758 1485 881 1569 zooiogi
915 1501 1022 1550 anato-

115 1591 222 1632 mrem
233 1585 449 1654 comparatam
459 1587 713 1654 prosequuntur:
740 1573 932 1646 animelirun
947 1576 1022 1635 das·
1137 1639 1141 1648 ,

115 1674 165 1720 ses
186 1658 289 1737 quoad
309 1677 503 1752 organorum
526 1660 724 1722 successivas
736 1660 931 1720 mutationes
951 1677 1025 1741 per-¹
1049 1719 1065 1732 Δ,
1099 1720 1103 1727 1

113 1741 262 1844 lustrant,
284 1755 316 1804 et
336 1733 415 1824 qu'ae
440 1745 554 1806 exinde
575 1745 748 1826 prodeunt
756 1742 932 1844 corporum
953 1745 1022 1805 effi·
1089 1750 1092 1768 ¹

112 1829 238 1893 nitates
257 1841 411 1916 tanquam
438 1831 714 1904 classificationum
740 1829 824 1910 leges
846 1832 1037 1910 excipimur
1101 1845 1104 1853 ¹
1134 1828 1142 1903 j

112 1912 212 1976 Hunc
232 1917 323 1976 enim
350 1913 484 1976 'credunt
510 1935 648 1997 scopum
668 1914 941 1980 classiiicationur'n
963 1935 1020 1975 na·
1068 1911 1069 1915 ’

111 1999 286 2072 curalium,
313 2013 351 2070 ut
372 2021 451 2082 quae
472 2004 513 2062 sit
534 2021 731 2090 organorum
754 2000 920 2141 gradatim
931 2015 1021 2060 aucto

112 2087 305 2165 compositio
327 2103 362 2146 ac
382 2083 527 2184 evolutio
551 2105 569 2144 e
594 2098 763 2165 systemate
784 2085 855 2144 zool
857 2088 945 2166 ogico
967 2106 1021 2165 ap-

49 2183 237 2254 pareat.
271 2169 419 2227 animalia
444 2171 607 2230 nimirum
641 2169 712 2227 tali
723 2169 869 2228 ordine
860 2187 896 2228 ιιι
925 2183 1031 2248 syste·

84 2295 86 2322 .
114 2253 492 2334 matesesepreebeant,
498 2254 587 2336 quali
603 2252 789 2350 perfectiora
809 2235 965 2332 endunt,
987 2267 1020 2318 et

4 2403 22 2416 ‚,
112 2337 190 2399 inde
210 2325 378 2429 affinitates
404 2341 586 2401 ostendunt.

199 2423 283 2484 Sunt
295 2418 360 2504 qui',
382 2425 461 2486 duce
482 2426 687 2526 singidoruru
706 2443 914 2509 organorum,
934 2425 1023 2486 ordi

109 2503 169 2572 ne's
196 2523 228 2570 et
256 2509 399 2570 classes
389 2530 424 2570 ιιι
451 2511 571 2573 lineam
598 2513 731 2573 unicam
751 2531 767 2570 a
788 2513 952 2594 zoophytis
979 2513 1019 2574 ad

111 2595 301 2658 mammclia
321 2596 578 2678 progredientem
602 2599 646 2658 ita
667 2580 877 2678 disponendos
898 2598 1020 2674 dicunt,

110 2695 182 2745 uta
199 2681 391 2762 corporibus,
404 2683 645 2764 simplicissimis
656 2701 783 2763 semper
803 2681 840 2744 ad
858 2681 966 2744 altiora
986 2695 1020 2744 et

111 2767 213 2850 magis
236 2769 409 2847 composite
428 2768 482 2829 fiat
502 2770 659 2828 transitus.
676 2765 678 2780 '
719 2768 804 2828 Talis
831 2783 942 2830 autem
958 2783 1018 2826 se·

110 2851 172 2915 ries
194 2851 353 2912 rectilinea
373 2855 523 2914 nondum
545 2857 677 2913 inventa
698 2851 763 2930 es't,
794 2867 834 2916 et
845 2872 1017 2954 nunquam

111 2938 287 2998 inventurn
308 2940 348 2998 iri
369 2957 576 3035 summopere
598 2939 829 3000 credendum
865 2939 914 3000 Ne
943 2941 1017 2997 urri-

113 3041 193 3084 cum
213 3011 346 3107 quidem
372 3029 514 3107 organon
541 3025 701 3108 gradatam
730 3044 786 3107 per
807 3042 922 3086 omnes
943 3023 1018 3082 clas·
1067 3024 1072 3033 “

110 3127 159 3170 ses
181 3110 434 3186 evolutionem
425 3124 467 3170 rta
490 3109 644 3188 ostendit,
685 3123 724 3171 ut
750 3113 786 3172 in
813 3111 914 3210 specie
942 3109 1018 3168 alio·
1032 3135 1035 3140 ¹

112 3195 194 3274 quin
216 3195 411 3277 perfectioris
431 3210 604 3257 structurae
620 3195 802 3276 perfectius
806 3197 904 3255 etiam
920 3195 1017 3275 oppa-¹
1033 3225 1035 3230 .
1094 3244 1097 3252 .

110 3293 195 3358 reat,
223 3281 276 3342 sed
297 3283 418 3372 saepius
439 3285 474 3341 in
495 3282 626 3346 animali
646 3297 790 3364 organon
810 3283 922 3342 minus
944 3299 1016 3340 evo·

112 3366 225 3427 lutum
231 3361 542 3459 deprehenditur,
539 3391 575 3448 q
600 3367 679 3429 od
670 3387 707 3428 ιιι
741 3367 856 3426 altero
872 3379 1015 3426 ceterum

112 3438 297 3552 simpliciori
324 3451 506 3530 perfectius.
562 3389 715 3534 Piurimie
740 3453 905 3512 ordinibus
932 3453 1014 3510 inest

115 3539 293 3616 specierum
322 3551 368 3597 sat
393 3557 530 3622 magnus
549 3554 732 3612 numerus,
763 3537 818 3616 qui
838 3549 1013 3596 structurae
1114 3539 1119 3551 “

112 3623 235 3703 generis
254 3624 305 3683 sui
325 3623 502 3686 rudimenta
523 3635 653 3684 tantum
674 3620 778 3686 offert
822 3621 926 3706 Quare
945 3639 1014 3700 spe·
1104 3649 1108 3656 ·

39 3759 42 3767 .
111 3709 250 3788 ciorum,
271 3729 436 3796 generum
450 3729 485 3774 ac
504 3700 658 3774 ordinum
678 3709 784 3786 series,
814 3706 1014 3791 azoophytis
