2648 4746
640 352 849 460 56*

299 526 338 588 ad
358 521 547 588 marrrmalia
569 517 727 606 producta,
759 531 939 609 corporum¹
954 525 1109 611 gradatim
1131 543 1213 628 per·-

266 622 269 634 ¹
300 611 472 674 festiorem
499 611 619 671 lineam
646 613 835 672 ιοιιιίιιιιιιιι
864 631 898 673 ac
919 628 1039 674 rectam
1061 613 1201 672 minime
1236 629 1242 640 ·

300 701 398 774 sistit,
431 715 531 778 quam
552 709 663 758 tamen
684 697 744 758 sibi
764 706 999 779 proposuerunt
1019 697 1125 782 plures
1145 715 1202 756 au·

229 787 233 794 '
300 797 412 848 ctores.
473 782 629 864 Exempla
655 779 777 866 copiosa
810 784 961 865 praebent
992 785 1202 866 zoologornm

221 856 225 871 ’
299 871 369 954 aevi
390 869 490 930 nostri
510 881 694 948 systemata,
727 868 766 931 de
793 867 945 950 quibas
935 889 971 930 ιιι
998 866 1080 930 libro
1108 887 1202 948 supra

264 989 286 1020 ,ι
300 957 393 1014 citato
424 953 554 1014 uberius
585 954 684 1016 locuti
710 973 835 1015 aramus.
883 953 950 1016 Nec
970 957 1069 1016 etiam
1089 971 1202 1037 genera

287 1054 334 1100 Ιιι
354 1039 479 1101 ordines
505 1040 690 1122 plantarum
715 1043 750 1100 in
776 1041 897 1103 lineam
925 1059 942 1102 a
963 1055 1093 1126 crypto
1076 1039 1203 1099 ramicis

299 1125 338 1184 ad
360 1126 607 1202 dicotylsdoneas
634 1125 892 1213 progredientem
922 1127 966 1192 ita
987 1091 1112 1205 disponi
1133 1142 1203 1206 pos·

239 1249 264 1256 --
299 1224 391 1286 ιιιιιι,
424 1224 462 1271 ut
483 1211 603 1280 familia
624 1215 753 1294 quaevis
777 1209 988 1294 praecedentis
1008 1223 1202 1272 structuram

298 1299 400 1378 tnagis
422 1295 586 1358 evolutam
607 1297 761 1378 praebeat.
811 1295 876 1359 Vis
899 1297 985 1358 ullus
1011 1296 1099 1356 de
1078 1308 1203 1378 segeta-

297 1382 417 1442 biliurn
438 1383 517 1442 serie
538 1385 666 1459 usitata,
700 1403 717 1442 a
739 1376 969 1462 coty'ledonum
987 1400 1127 1442 nurnero
1150 1381 1204 1441 de·

214 1475 217 1482 '
300 1467 411 1544 ducta,
445 1465 600 1544 affirmet,
628 1469 749 1551 plantas
770 1466 1021 1578 dipotyledoneas
1042 1468 1136 1528 omni
1156 1484 1205 1525 ra-

299 1556 388 1619 tione
408 1553 721 1646 monocotyiedoneis
742 1575 806 1618 esre
827 1553 1072 1636 anteponendas.
1126 1550 1205 1637 Quis

248 1673 250 1676 ·
299 1641 389 1720 enirn
415 1632 599 1721 palmarum
629 1654 661 1702 et
689 1660 860 1733 musarum
889 1641 1056 1720 cohortem
1078 1637 1202 1718 simpli·
1219 1691 1225 1698 .

151 1775 154 1782 ,
300 1726 390 1786 cioris
423 1738 599 1786 structurae
627 1721 764 1802 credat,
794 1725 893 1807 quana
929 1725 1206 1863 οιιιοριιγιιιιιιιιι

156 1820 158 1830 “
214 1866 219 1874 .
285 1809 522 1911 ¹aliarumque?
658 1870 660 1883 ,
808 1863 818 1886 q
1261 1815 1265 1822 ’

260 1905 263 1926 ”
386 1895 511 1978 Quibus
533 1899 711 1974 commoti,
745 1897 939 1959 animalium
960 1895 1086 1958 ordines
1107 1887 1206 1958 mini·

205 1989 222 1998 ⁴
300 2000 357 2045 me
384 1979 467 2045 linea
493 1983 632 2065 simplici
663 1998 695 2050 er
715 1997 831 2060 rectu·
869 1985 923 2046 sed
943 2001 1025 2046 mox
1044 1981 1206 2054 parallelos

299 2087 380 2128 rnox
412 2053 477 2128 ses'e
504 2084 670 2149 sequentes
699 2069 767 2148 iarn
796 2060 902 2150 plures
934 2068 1059 2150 'zoologi
1090 2084 1205 2149 propo·

299 2167 411 2231 nunt,
436 2167 531 2236 atque
558 2158 626 2218 talis
655 2157 836 2218 distributio
865 2168 996 2216 naturae
1027 2157 1129 2234 magis
1158 2169 1205 2211 re-

301 2237 447 2338 spondet.
491 2241 671 2338 lanuginem
699 2261 799 2304 nexus
828 2233 976 2302 naturalis
997 2239 1091 2300 arbor
1117 2239 1207 2309 sistit,

200 2339 202 2346 ·
301 2343 318 2382 e
340 2327 437 2382 rarrris
459 2337 491 2384 et
511 2325 663 2405 par'allelis
684 2328 897 2386 stultioribus
918 2325 1010 2386 flores
1032 2336 1064 2404 et
1084 2324 1206 2392 fructus

300 2411 469 2482 earisteus,
507 2423 662 2488 tanquam
688 2391 907 2490 perfectioris
906 2422 1087 2471 structurae
1108 2407 1207 2484 speci
1278 2442 1280 2448 ι

300 2493 404 2562 urina.
454 2492 643 2554 l'lantarunr
675 2506 707 2551 et
733 2491 926 2560 animalium
955 2492 1081 2554 ordines
1108 2490 1207 2548 ramis

301 2590 384 2638 recte
399 2591 632 2658 comparantur,
653 2578 707 2641 sed
728 2589 884 2636 structura
904 2577 989 2635 inter
1009 2594 1042 2636 se
1062 2555 1207 2634 differen
1263 2589 1264 2596 ¹

300 2663 398 2726 tibus.
426 2662 567 2765 Quisque
587 2662 780 2727 animalium
803 2663 880 2724 ordo
902 2660 1139 2729 evolutionem
1146 2658 1207 2742 sibi

246 2759 248 2764 ’
299 2749 439 2809 vindicat
440 2750 676 2830 peculiarem,
725 2767 743 2812 a
755 2747 910 2835 simplici
924 2747 962 2810 ad
983 2747 1207 2827 perfectiorem

255 2869 291 2905 -ι
300 2845 494 2896 structuram
517 2825 786 2920 progredientem
829 2833 862 2898 Si
884 2829 1038 2896 ordinum
1061 2833 1095 2894 irt
1116 2851 1207 2892 corn·

299 2919 437 2999 paratio,
465 2935 608 3022 respectu
628 2924 726 2983 unius
748 2922 860 3003 organi
878 2937 967 3002 saepe
989 2917 1207 2998 imperfectior

295 3003 451 3068 'dicendus
477 3011 556 3085 erit,
587 3010 648 3092 qui
669 3006 810 3071 alioruru
831 3003 1084 3070 conformatione
1105 3002 1208 3084 perfe-

300 3091 436 3154 crioreriu
457 3109 521 3157 sese
542 3094 680 3178 praebet
716 3094 813 3173 Saepe
837 3091 941 3172 quoad
960 3087 1114 3191 plurimai
1136 3107 1206 3189 spe

99 3165 103 3172 ¹
166 3209 169 3216 ·
253 3239 256 3244 ,
300 3176 361 3240 cies
383 3177 460 3242 ordo
480 3177 578 3240 altero
599 3177 774 3260 simplicior
795 3179 972 3257 apparebit,
1006 3177 1062 3264 qui
1085 3177 1119 3234 in
1141 3177 1206 3235 sin-

299 3259 381 3408 petalis
402 3263 577 3348 speciebus
612 3265 766 3343 (floribus
799 3265 907 3347 quasi)
955 3245 1103 3350 muitum
1135 3279 1207 3398 per·

265 3393 267 3400 ι
332 3358 481 3410 (11013,

274 3451 277 3458 “
385 3433 426 3495 ln
451 3453 488 3494 eo
515 3437 706 3526 systematis
719 3433 869 3498 naturalis
896 3445 1062 3518 cantamen
1082 3394 1208 3515 ponera·
1236 3413 1255 3434 '

301 3514 385 3582 aluus
404 3515 566 3597 videtur,
585 3533 638 3602 ut,
670 3540 750 3603 quae
777 3522 817 3585 sit
845 3507 1046 3601 organorum
1061 3516 1206 3576 evolutio

275 3615 333 3662 ·et
360 3623 417 3684 per
448 3606 553 3668 classes
584 3606 788 3689 progrediens
818 3617 851 3668 et
876 3605 1008 3686 singulis
1040 3602 1223 3666 ordinibus·

204 3764 207 3772 ,
300 3690 480 3772 peculiaris,
512 3711 531 3757 e
562 3692 791 3757 classificatione
823 3690 990 3761 eluceat.
1008 3687 1206 3812 Conspectus
