2648 4746
656 391 866 458 ...eo-2

390 551 579 636 &Monuit
599 551 760 612 Linnteus
786 551 912 614 hcinias
940 551 1075 615 corollae
1101 557 1218 620 staffi-

173 650 176 657 '
212 672 214 685 ·
273 653 277 658 '
303 643 400 712 nibus
420 660 485 702 esse
506 639 655 712 alternas,
693 635 792 698 calicis
814 649 922 698 contra
943 639 1174 703 staminibuso
1155 655 1218 724 o-p

302 730 429 814 positas.
476 723 726 786 Distinctionem
747 723 888 787 minime
912 723 1053 785 admittit
1074 727 1121 791 ill.
1142 728 1218 788 Jus-

301 817 385 887 sieu,
419 829 563 892 squamas
584 809 675 868 enim
697 809 883 889 petaloideas
904 823 937 869 et
956 807 1148 874 staminibus
1169 814 1219 886 al,

301 913 415 971 ternas,
438 895 543 977 quales
565 895 804 996 conspiciuntur
823 898 859 956 in
879 893 1217 977 Iresine‚Paronycbia

266 1039 270 1044 ,
301 998 336 1046 et
357 984 520 1053 Herniaria
539 980 680 1042 minime
701 981 802 1062 petala
822 980 877 1040 sed
896 1000 1043 1062 squamas
1064 983 1215 1064 appellat.
1286 1038 1290 1053 ,

230 1125 233 1131 .
303 1069 512 1151 Ambiguum
533 1068 631 1126 etiam
653 1077 699 1126 eat
719 1066 892 1128 discrimen
918 1067 953 1126 in
982 1066 1102 1128 familia
1121 1071 1213 1150 Thy·

303 1155 513 1218 melaearum.
544 1151 714 1212 Numerus
734 1154 913 1216 staminum
935 1153 1096 1214 nimirum
1117 1157 1152 1214 in
1174 1154 1215 1216 il-

224 1315 228 1320 ,
301 1241 341 1302 lis
362 1240 480 1320 duplex
500 1249 547 1300 est
567 1253 668 1317 quam
688 1237 876 1304 laciniarum
896 1239 1081 1320 perianthii,
1110 1242 1153 1302 ita
1174 1251 1215 1302 ut

303 1328 439 1388 stamina
467 1337 499 1385 et
520 1322 639 1384 laciniis
666 1322 784 1384 alterna
811 1335 844 1384 et
862 1323 979 1398 ¹iisdem
1012 1327 1155 1406 opposita
1176 1328 1212 1386 in

303 1407 422 1476 eodem
440 1409 517 1472 ilo're
537 1421 712 1470 occurrant.
783 1429 797 1456 ν
1150 1433 1154 1448 =

330 1537 424 1618 4)
451 1533 563 1632 Neque
585 1547 684 1596 exstat
690 1535 812 1620 calycis
833 1546 866 1595 et
887 1536 1019 1600 corollae
1039 1535 1212 1608 discrimen

304 1625 546 1700 anatomicum,
555 1621 587 1680 id
609 1609 740 1682 tantum
759 1619 846 1682 effasi
866 1620 949 1699 licet,
969 1641 1063 1706 poros
1080 1623 1213 1686 corollae

304 1730 370 1773 esse
378 1712 521 1769 rariores
548 1725 648 1787 quam
670 1707 780 1772 calicis.

368 1837 528 1896 Linnaeus
548 1832 768 1913 periantbium
789 1833 969 1896 coloratum
991 1833 1143 1896 corollam
1164 1834 1213 1900 di·

279 1973 281 1977 ,
305 1903 348 1982 cit
368 1935 399 1982 et
419 1919 638 2002 periantbium
662 1915 760 1978 viride
781 1919 938 1998 calycem‚
951 1937 1031 2000 quae
1052 1919 1213 1982 distinctio

304 2008 516 2096 retpptissima
544 2017 590 2065 est
617 2018 649 2064 et
679 2003 761 2064 bene
776 2005 948 2072 naturalis.
1003 2002 1138 2066 Obstant
1165 2019 1211 2066 ta-

306 2089 386 2154 men
417 2091 562 2172 exempla
594 2078 851 2171 periantbsorum
885 2104 1016 2153 externe
1054 2089 1209 2155 viridium

305 2182 392 2240 intus
413 2179 643 2269 coloratorum,
670 2176 773 2256 qualia
793 2175 1031 2236 observantur
1021 2196 1057 2238 tn
1076 2175 1233 2263 Polygo-¹

236 2264 240 2276 '
305 2267 374 2326 neis
409 2265 548 2344 aliisque.
591 2261 647 2322 st
674 2262 736 2322 boc
766 2262 941 2324 charactere
973 2263 1023 2322 uti
1053 2262 1148 2323 velles
1174 2260 1225 2326 in'
1306 2277 1307 2280 ’

306 2351 535 2410 classificatione
554 2347 738 2428 plantarum
766 2346 873 2408 affinia
898 2365 988 2428 saepe
1009 2345 1212 2430 disjungens.

304 2435 489 2516 Hedwigius
515 2451 643 2494 nomen
669 2431 778 2512 calycis
806 2445 838 2492 et
866 2431 999 2494 corollae
1020 2433 1213 2514 relinquens,

305 2522 345 2580 de
372 2518 548 2600 periantbio
577 2529 707 2576 tantum
737 2515 881 2598 loquitur
906 2531 962 2578 aut
988 2518 1125 2600 simplici
1156 2532 1212 2582 aut

305 2606 433 2688 duplici,
455 2615 585 2674 externo
606 2603 770 2668 nimirum
791 2615 823 2662 et
843 2604 983 2668 interno

340 2721 557 2792 Mirbeltus
579 2707 807 2810 perianthium
833 2729 970 2811 simplex
996 2730 1132 2811 calycem
1153 2749 1212 2793 vo·

241 2821 245 2826 “
306 2829 370 2892 cat,
397 2818 423 2876 si
445 2828 554 2874 autem
574 2813 693 2896 duplex
714 2825 777 2889 est,
807 2827 979 2900 externum
1000 2819 1169 2897 calycem
1160 2837 1212 2877 ιιι-

305 2913 439 2962 temum
460 2899 611 2964 corollam
629 2898 771 2980 appellat
800 2899 853 2962 Ad
864 2901 997 2972 l1brtum
1013 2903 1073 2963 hoc
1084 2903 1209 2962 drotum

304 3007 371 3050 esse
396 3005 495 3050 nemo
522 2986 665 3070 negabit,
707 2997 754 3046 et
764 2987 825 3046 nisi
854 2988 914 3064 alio
942 2989 1092 3072 innititur
1118 3007 1210 3070 argu-

305 3087 436 3148 mento,
464 3091 588 3133 nomen
611 3071 719 3150 calycis
739 3091 798 3153 pro
819 3071 1002 3152 plantarum
1024 3087 1210 3175 rnonocoty·

304 3161 512 3221 ledonearurn
539 3157 718 3239 perianthio
747 3156 884 3222 colorato
910 3159 1048 3242 simplici
1069 3161 1211 3220 minime

302 3245 447 3328 placebit.

223 3443 229 3452 ,
343 3443 350 3452 ,
392 3370 480 3456 Quae
514 3383 761 3452 proposuerunt,
776 3383 918 3432 auctores
945 3371 987 3432 acl
1016 3364 1210 3454 perianthio·

306 3477 384 3519 rum
414 3457 651 3518 distinctionem
678 3457 713 3516 in
740 3457 878 3536 calycem
906 3469 938 3516 et
959 3459 1109 3526 corollam
1135 3477 1209 3518 rem

305 3543 496 3623 neutiquam
516 3537 701 3618 absolvunt,
728 3561 828 3624 eoque
849 3537 1034 3605 difficilioris
1053 3563 1129 3604 usus
1149 3562 1211 3604 no·

238 3635 243 3648 '
306 3641 353 3688 tas
377 3629 573 3688 divisionum
600 3627 731 3700 habeas,
757 3647 774 3686 a
795 3627 896 3706 calyce
916 3641 972 3687 aut
993 3629 1106 3690 corolla
1128 3629 1211 3688 deri-

306 3725 401 3780 vatas.
443 3713 547 3798 Quare
574 3715 630 3776 vix
649 3712 739 3774 -ullus
765 3711 872 3796 laudet
898 3713 1164 3778 classificationem
1190 3723 1221 3776 a·
